<record><leader>00000cas a2200000 a 4500</leader><controlfield tag="001">53447004</controlfield><controlfield tag="008">031117u19uuuuuucauuu ne      0    0peroc</controlfield><datafield ind1=" " ind2=" " tag="010"><subfield code="a">  2003223646</subfield></datafield><datafield ind1=" " ind2=" " tag="040"><subfield code="a">CLU</subfield><subfield code="b">eng</subfield><subfield code="c">CLU</subfield><subfield code="d">OCLCQ</subfield><subfield code="d">OCLCF</subfield><subfield code="d">OCLCO</subfield><subfield code="d">OCLCA</subfield></datafield><datafield ind1="1" ind2=" " tag="029"><subfield code="a">AU@</subfield><subfield code="b">000025122304</subfield></datafield><datafield ind1=" " ind2=" " tag="042"><subfield code="a">pcc</subfield></datafield><datafield ind1=" " ind2=" " tag="043"><subfield code="a">a-ir---</subfield></datafield><datafield ind1="0" ind2=" " tag="130"><subfield code="a">Andi&#772;shah (San Jose, Calif. : Newspaper)</subfield></datafield><datafield ind1="1" ind2="0" tag="245"><subfield code="a">Andi&#772;shah =</subfield><subfield code="b">Andisheh.</subfield></datafield><datafield ind1="3" ind2="1" tag="246"><subfield code="a">Andisheh</subfield></datafield><datafield ind1=" " ind2=" " tag="260"><subfield code="a">San Jose, CA :</subfield><subfield code="b">Intisha&#772;ra&#772;t-i Andi&#772;shah</subfield></datafield><datafield ind1=" " ind2=" " tag="300"><subfield code="a">v. :</subfield><subfield code="b">ill. ;</subfield><subfield code="c">58 cm.</subfield></datafield><datafield ind1=" " ind2=" " tag="500"><subfield code="a">"Farhangi&#772;, adabi&#772; va hunari&#772;, ijtima&#772;&#700;i&#772;."</subfield></datafield><datafield ind1=" " ind2=" " tag="588"><subfield code="a">Description based on: Sa&#772;l-i 8., shuma&#772;rah-i 85 (Ju&#772;n 1997); title from caption.</subfield></datafield><datafield ind1=" " ind2="0" tag="650"><subfield code="a">Iranian Americans</subfield><subfield code="z">California</subfield><subfield code="z">San Jose</subfield><subfield code="v">Newspapers.</subfield></datafield><datafield ind1=" " ind2="0" tag="651"><subfield code="a">Iran</subfield><subfield code="v">Newspapers.</subfield></datafield><datafield ind1=" " ind2="7" tag="655"><subfield code="a">Newspapers.</subfield><subfield code="2">fast</subfield><subfield code="0">(OCoLC)fst01423814</subfield></datafield><datafield ind1=" " ind2="7" tag="650"><subfield code="a">Iranian Americans.</subfield><subfield code="2">fast</subfield><subfield code="0">(OCoLC)fst00978794</subfield></datafield><datafield ind1=" " ind2="7" tag="651"><subfield code="a">California</subfield><subfield code="z">San Jose.</subfield><subfield code="2">fast</subfield><subfield code="0">(OCoLC)fst01206320</subfield></datafield><datafield ind1=" " ind2="7" tag="651"><subfield code="a">Iran.</subfield><subfield code="2">fast</subfield><subfield code="0">(OCoLC)fst01204889</subfield></datafield><datafield ind1=" " ind2=" " tag="752"><subfield code="a">United States</subfield><subfield code="b">California</subfield><subfield code="c">Santa Clara</subfield><subfield code="d">San Jose.</subfield></datafield></record>